[gd_scene load_steps=8 format=2]

[ext_resource path="res://src/Instrument.tscn" type="PackedScene" id=1]
[ext_resource path="res://src/InstrumentElement.tscn" type="PackedScene" id=2]
[ext_resource path="res://audio/instruments_minigame/Percussion/Percussion 2.wav" type="AudioStream" id=3]
[ext_resource path="res://audio/instruments_minigame/Percussion/Percussion 1.wav" type="AudioStream" id=4]
[ext_resource path="res://meshes/drum_machine/DrumMachine.fbx" type="PackedScene" id=5]

[sub_resource type="BoxShape" id=1]
extents = Vector3( 0.08, 0.08, 0.08 )

[sub_resource type="BoxShape" id=2]
extents = Vector3( 0.0520702, 0.0438816, 0.0447506 )

[node name="DrumInstrument" instance=ExtResource( 1 )]
_instrument_id = "percussion"

[node name="InstrumentElement" parent="Elements" index="0" instance=ExtResource( 2 )]
transform = Transform( 1, 0, 0, 0, 1, 0, 0, 0, 1, -0.14211, 0.836983, 0.384107 )

[node name="CollisionShape" type="CollisionShape" parent="Elements/InstrumentElement/Interactable" index="0"]
shape = SubResource( 1 )

[node name="Note" parent="Elements/InstrumentElement" index="1"]
stream = ExtResource( 4 )

[node name="InstrumentElement2" parent="Elements" index="1" instance=ExtResource( 2 )]
transform = Transform( 1, 0, 0, 0, 1, 0, 0, 0, 1, 0.183315, 0.826727, 0.381534 )

[node name="CollisionShape" type="CollisionShape" parent="Elements/InstrumentElement2/Interactable" index="0"]
shape = SubResource( 1 )

[node name="Note" parent="Elements/InstrumentElement2" index="1"]
stream = ExtResource( 3 )

[node name="PlayBackButton" parent="." index="3"]
transform = Transform( 1, 0, 0, 0, 1, 0, 0, 0, 1, 0.0162022, 0.769191, 0.179021 )

[node name="CollisionShape" type="CollisionShape" parent="PlayBackButton/Interactable" index="0"]
shape = SubResource( 2 )

[node name="NoteParticlesPosition" parent="." index="7"]
transform = Transform( 1, 0, 0, 0, 1, 0, 0, 0, 1, 0, 0.877321, 0.295607 )

[node name="OmniLight" type="OmniLight" parent="." index="8"]
transform = Transform( 1, 0, 0, 0, 1, 0, 0, 0, 1, 1.67953, 2.34787, 0 )

[node name="DrumMachine" parent="." index="9" instance=ExtResource( 5 )]
transform = Transform( 50, 0, 0, 0, -2.18557e-06, 50, 0, -50, -2.18557e-06, 0, 1.5914, 0 )

[editable path="Elements/InstrumentElement"]

[editable path="Elements/InstrumentElement2"]

[editable path="PlayBackButton"]
