[gd_scene load_steps=17 format=2]

[ext_resource path="res://src/Instrument.tscn" type="PackedScene" id=1]
[ext_resource path="res://src/test/TestInstrumentElement.tscn" type="PackedScene" id=2]
[ext_resource path="res://audio/4409__pinkyfinger__piano-notes-1-octave/68440__pinkyfinger__piano-c.wav" type="AudioStream" id=3]
[ext_resource path="res://audio/4409__pinkyfinger__piano-notes-1-octave/68437__pinkyfinger__piano-a.wav" type="AudioStream" id=4]
[ext_resource path="res://audio/4409__pinkyfinger__piano-notes-1-octave/68443__pinkyfinger__piano-e.wav" type="AudioStream" id=5]
[ext_resource path="res://audio/freesound/335906__littlerainyseasons__fail.wav" type="AudioStream" id=6]
[ext_resource path="res://audio/freesound/109663__grunz__success-low.wav" type="AudioStream" id=7]

[sub_resource type="SpatialMaterial" id=1]
albedo_color = Color( 0.662745, 0.662745, 0.662745, 1 )

[sub_resource type="CubeMesh" id=2]
size = Vector3( 1, 1, 2 )

[sub_resource type="PrismMesh" id=3]
left_to_right = 0.0
size = Vector3( 1, 1, 2 )

[sub_resource type="SpatialMaterial" id=4]
albedo_color = Color( 0.584314, 0.584314, 0.584314, 1 )

[sub_resource type="SpatialMaterial" id=8]
albedo_color = Color( 0.164706, 0.384314, 0, 1 )

[sub_resource type="PrismMesh" id=7]
size = Vector3( 0.2, 0.2, 0.05 )

[sub_resource type="BoxShape" id=6]
extents = Vector3( 0.121129, 0.0455069, 0.127685 )

[sub_resource type="Animation" id=9]
resource_name = "blink"
length = 0.6
loop = true
tracks/0/type = "value"
tracks/0/path = NodePath("PlayBackButton/MeshInstance:material_override:albedo_color")
tracks/0/interp = 1
tracks/0/loop_wrap = true
tracks/0/imported = false
tracks/0/enabled = true
tracks/0/keys = {
"times": PoolRealArray( 0, 0.3 ),
"transitions": PoolRealArray( 1, 1 ),
"update": 1,
"values": [ Color( 0.388235, 0.901961, 0, 1 ), Color( 0.164706, 0.384314, 0, 1 ) ]
}

[sub_resource type="Animation" id=10]
resource_name = "stop"
length = 0.1
loop = true
tracks/0/type = "value"
tracks/0/path = NodePath("PlayBackButton/MeshInstance:material_override:albedo_color")
tracks/0/interp = 1
tracks/0/loop_wrap = true
tracks/0/imported = false
tracks/0/enabled = true
tracks/0/keys = {
"times": PoolRealArray( 0 ),
"transitions": PoolRealArray( 1 ),
"update": 1,
"values": [ Color( 0.164706, 0.384314, 0, 1 ) ]
}

[node name="TestInstrument" instance=ExtResource( 1 )]

[node name="TestInstrumentElement" parent="Elements" index="0" instance=ExtResource( 2 )]
transform = Transform( 0.707107, 0.707107, 0, -0.707107, 0.707107, 0, 0, 0, 1, -0.16153, 1.68465, 0.51447 )

[node name="Note" parent="Elements/TestInstrumentElement" index="2"]
stream = ExtResource( 4 )

[node name="TestInstrumentElement2" parent="Elements" index="1" instance=ExtResource( 2 )]
transform = Transform( 1.06066, 0.707107, 0, -1.06066, 0.707107, 0, 0, 0, 1.5, -0.16153, 1.68465, 0.074299 )

[node name="Note" parent="Elements/TestInstrumentElement2" index="2"]
stream = ExtResource( 3 )

[node name="TestInstrumentElement3" parent="Elements" index="2" instance=ExtResource( 2 )]
transform = Transform( 1.41421, 0.707107, 0, -1.41421, 0.707107, 0, 0, 0, 2, -0.16153, 1.68465, -0.476244 )

[node name="Note" parent="Elements/TestInstrumentElement3" index="2"]
stream = ExtResource( 5 )

[node name="Bottom" type="MeshInstance" parent="." index="1"]
transform = Transform( 1, 0, 0, 0, 1, 0, 0, 0, 1, 0, 0.5, 0 )
material_override = SubResource( 1 )
mesh = SubResource( 2 )
material/0 = null

[node name="Top" type="MeshInstance" parent="." index="2"]
transform = Transform( 1, 0, 0, 0, 1, 0, 0, 0, 1, 0, 1.5, 0 )
mesh = SubResource( 3 )
material/0 = SubResource( 4 )

[node name="PlayBackButton" parent="." index="5"]
transform = Transform( 0.707107, 0.707107, 0, -0.707107, 0.707107, 0, 0, 0, 1, 0.318, 1.192, 0 )

[node name="MeshInstance" type="MeshInstance" parent="PlayBackButton" index="0"]
transform = Transform( 1, 1.42109e-14, 0, 0, -1.62921e-07, 1, 0, -1, -1.62921e-07, -0.00459784, -0.0045979, 0 )
material_override = SubResource( 8 )
mesh = SubResource( 7 )
material/0 = null

[node name="CollisionShape" type="CollisionShape" parent="PlayBackButton/Interactable" index="0"]
shape = SubResource( 6 )

[node name="PlayBackButtonAP" type="AnimationPlayer" parent="." index="6"]
anims/blink = SubResource( 9 )
anims/stop = SubResource( 10 )

[node name="CorrectSound" type="AudioStreamPlayer" parent="." index="7"]
stream = ExtResource( 7 )

[node name="WrongSound" type="AudioStreamPlayer" parent="." index="8"]
stream = ExtResource( 6 )

[editable path="Elements/TestInstrumentElement"]

[editable path="Elements/TestInstrumentElement2"]

[editable path="Elements/TestInstrumentElement3"]

[editable path="PlayBackButton"]
