[gd_scene load_steps=11 format=2]

[ext_resource path="res://src/test/testRhythmGame.gd" type="Script" id=1]
[ext_resource path="res://textures/black.png" type="Texture" id=2]
[ext_resource path="res://textures/yellow.png" type="Texture" id=3]
[ext_resource path="res://textures/green.png" type="Texture" id=4]
[ext_resource path="res://audio/4409__pinkyfinger__piano-notes-1-octave/68437__pinkyfinger__piano-a.wav" type="AudioStream" id=5]
[ext_resource path="res://audio/4409__pinkyfinger__piano-notes-1-octave/68448__pinkyfinger__piano-g.wav" type="AudioStream" id=6]
[ext_resource path="res://audio/4409__pinkyfinger__piano-notes-1-octave/68442__pinkyfinger__piano-d.wav" type="AudioStream" id=7]
[ext_resource path="res://src/test/RhythmButton.gd" type="Script" id=8]
[ext_resource path="res://audio/freesound/335906__littlerainyseasons__fail.wav" type="AudioStream" id=9]
[ext_resource path="res://audio/freesound/109663__grunz__success-low.wav" type="AudioStream" id=10]

[node name="testRhythmGame" type="Control"]
anchor_right = 1.0
anchor_bottom = 1.0
script = ExtResource( 1 )
__meta__ = {
"_edit_use_anchors_": false
}

[node name="VBoxContainer" type="VBoxContainer" parent="."]
anchor_right = 1.0
anchor_bottom = 1.0
size_flags_horizontal = 4
custom_constants/separation = 24
alignment = 1
__meta__ = {
"_edit_use_anchors_": false
}

[node name="ListenButton" type="Button" parent="VBoxContainer"]
margin_left = 486.0
margin_top = 150.0
margin_right = 537.0
margin_bottom = 170.0
size_flags_horizontal = 4
text = "Listen"

[node name="HBoxContainer" type="HBoxContainer" parent="VBoxContainer"]
margin_top = 194.0
margin_right = 1024.0
margin_bottom = 450.0
custom_constants/separation = 64
alignment = 1
__meta__ = {
"_edit_use_anchors_": false
}

[node name="LeftButton" type="TextureButton" parent="VBoxContainer/HBoxContainer"]
margin_left = 224.0
margin_top = 96.0
margin_right = 288.0
margin_bottom = 160.0
rect_min_size = Vector2( 64, 64 )
size_flags_horizontal = 4
size_flags_vertical = 4
texture_normal = ExtResource( 2 )
texture_pressed = ExtResource( 4 )
texture_hover = ExtResource( 3 )
expand = true
stretch_mode = 5
script = ExtResource( 8 )

[node name="AudioStreamPlayer" type="AudioStreamPlayer" parent="VBoxContainer/HBoxContainer/LeftButton"]
stream = ExtResource( 6 )

[node name="MiddleButton" type="TextureButton" parent="VBoxContainer/HBoxContainer"]
margin_left = 352.0
margin_right = 608.0
margin_bottom = 256.0
rect_min_size = Vector2( 256, 256 )
size_flags_vertical = 4
texture_normal = ExtResource( 2 )
texture_pressed = ExtResource( 4 )
texture_hover = ExtResource( 3 )
expand = true
script = ExtResource( 8 )

[node name="AudioStreamPlayer" type="AudioStreamPlayer" parent="VBoxContainer/HBoxContainer/MiddleButton"]
stream = ExtResource( 5 )

[node name="RightButton" type="TextureButton" parent="VBoxContainer/HBoxContainer"]
margin_left = 672.0
margin_top = 64.0
margin_right = 800.0
margin_bottom = 192.0
rect_min_size = Vector2( 128, 128 )
size_flags_vertical = 4
texture_normal = ExtResource( 2 )
texture_pressed = ExtResource( 4 )
texture_hover = ExtResource( 3 )
expand = true
script = ExtResource( 8 )

[node name="AudioStreamPlayer" type="AudioStreamPlayer" parent="VBoxContainer/HBoxContainer/RightButton"]
stream = ExtResource( 7 )

[node name="ErrorSound" type="AudioStreamPlayer" parent="."]
stream = ExtResource( 9 )

[node name="SuccessSound" type="AudioStreamPlayer" parent="."]
stream = ExtResource( 10 )
volume_db = 20.0

[node name="Timer" type="Timer" parent="."]
