[gd_scene load_steps=14 format=2]

[ext_resource path="res://src/autoload/Composer.gd" type="Script" id=1]
[ext_resource path="res://src/autoload/Instrument.tscn" type="PackedScene" id=2]
[ext_resource path="res://audio/submarine_keyboard_good.ogg" type="AudioStream" id=3]
[ext_resource path="res://audio/background/submarine_menu_theme.ogg" type="AudioStream" id=4]
[ext_resource path="res://audio/submarine_ambiance.ogg" type="AudioStream" id=5]
[ext_resource path="res://audio/submarine_sax_good.ogg" type="AudioStream" id=6]
[ext_resource path="res://audio/submarine_percussion_good.ogg" type="AudioStream" id=7]
[ext_resource path="res://audio/submarine_percussion_bad.ogg" type="AudioStream" id=8]
[ext_resource path="res://audio/submarine_sax_bad.ogg" type="AudioStream" id=9]
[ext_resource path="res://audio/background/submarine_fail_short_sequence.ogg" type="AudioStream" id=10]
[ext_resource path="res://audio/submarine_keyboard_bad.ogg" type="AudioStream" id=11]

[sub_resource type="SpatialMaterial" id=1]
albedo_color = Color( 1, 0, 0, 1 )

[sub_resource type="CubeMesh" id=2]
material = SubResource( 1 )
size = Vector3( 1, 1, 1 )

[node name="Composer" type="Node"]
script = ExtResource( 1 )

[node name="Harp" parent="." instance=ExtResource( 2 )]

[node name="DebugCube" type="MeshInstance" parent="Harp"]
visible = false
mesh = SubResource( 2 )
material/0 = null

[node name="Sax" parent="." instance=ExtResource( 2 )]

[node name="Good" parent="Sax" index="0"]
stream = ExtResource( 6 )

[node name="Bad" parent="Sax" index="1"]
stream = ExtResource( 9 )

[node name="DebugCube" type="MeshInstance" parent="Sax"]
visible = false
mesh = SubResource( 2 )
material/0 = null

[node name="Keyboard" parent="." instance=ExtResource( 2 )]

[node name="Good" parent="Keyboard" index="0"]
stream = ExtResource( 3 )

[node name="Bad" parent="Keyboard" index="1"]
stream = ExtResource( 11 )

[node name="DebugCube" type="MeshInstance" parent="Keyboard"]
visible = false
mesh = SubResource( 2 )
material/0 = null

[node name="Percussion" parent="." instance=ExtResource( 2 )]

[node name="Good" parent="Percussion" index="0"]
stream = ExtResource( 7 )

[node name="Bad" parent="Percussion" index="1"]
stream = ExtResource( 8 )

[node name="DebugCube" type="MeshInstance" parent="Percussion"]
visible = false
mesh = SubResource( 2 )
material/0 = null

[node name="Ambiance" type="AudioStreamPlayer" parent="."]
stream = ExtResource( 5 )
autoplay = true
stream_paused = true

[node name="MenuSound" type="AudioStreamPlayer" parent="."]
stream = ExtResource( 4 )
autoplay = true
stream_paused = true

[node name="FailSound" type="AudioStreamPlayer" parent="."]
stream = ExtResource( 10 )

[editable path="Harp"]

[editable path="Sax"]

[editable path="Keyboard"]

[editable path="Percussion"]
